<?xml version="1.0" encoding="UTF-8"?><collection xmlns="http://www.loc.gov/MARC21/slim"><record><leader>00348nam--2200121-i-4500</leader><controlfield tag="001">000034207</controlfield><controlfield tag="002">20161230</controlfield><controlfield tag="005">20161230201039</controlfield><controlfield tag="008">060222s1000------------r-----000-0-eng-d</controlfield><datafield ind1=" " ind2=" " tag="080"><subfield code="a">621.436.004.2</subfield></datafield><datafield ind1=" " ind2=" " tag="245"><subfield code="a">Motorul diesel. 6.istructiuni de intrebuintare. trad.din l.rusa</subfield></datafield><datafield ind1=" " ind2=" " tag="260"><subfield code="a">Bucuresti, Inst.De Documentare Tehnica, 1949, 198p</subfield></datafield><datafield ind1=" " ind2=" " tag="852"><subfield code="a">26438</subfield></datafield></record></collection>